@techreport{ipe2020,
	title = {Mercado laboral peruano: impacto por covid-19 y recomendaciones de política},
	author = {IPE, },
	year = {2020},
	date = {2020}
}

@article{soto2020,
	title = {Empleo y derecho laboral en tiempos de pandemia, Perú 2020},
	author = {Soto, {Rony Méndez} and {Cuéllar}, Noland Gallegos and Reyes-Olivo, Martiniano},
	year = {2020},
	month = {12},
	date = {2020-12-29},
	journal = {Ciencia Latina Revista Científica Multidisciplinar},
	pages = {1497--1509},
	volume = {4},
	number = {2},
	doi = {10.37811/cl_rcm.v4i2.156},
	url = {https://ciencialatina.org/index.php/cienciala/article/view/156},
	note = {Number: 2},
	langid = {es}
}

@techreport{inei2021,
	title = {Perú: Evolución de los Indicadores de Empleo e Ingreso por departamento, 2007-2020},
	author = {INEI, },
	year = {2021},
	date = {2021},
	address = {Lima}
}

@article{waldinger1985,
	title = {Ethnic Business and Occupational Mobility in Advanced Societies},
	author = {Waldinger, Roger and Ward, Robin and Aldrich, Howard},
	year = {1985},
	month = {11},
	date = {1985-11-01},
	journal = {Sociology},
	pages = {586--597},
	volume = {19},
	number = {4},
	doi = {10.1177/0038038585019004007},
	url = {https://doi.org/10.1177/0038038585019004007},
	note = {Publisher: SAGE Publications Ltd},
	langid = {en}
}

@article{piore1987,
	title = {The Second Industrial Divide},
	author = {Piore, Michael J. and Sabel, Charles F.},
	year = {1987},
	month = {06},
	date = {1987-06-01},
	journal = {Journal of Peace Research},
	pages = {354 pp.},
	volume = {24},
	number = {2},
	doi = {10.1177/002234338702400213},
	url = {https://doi.org/10.1177/002234338702400213},
	note = {Publisher: SAGE Publications Ltd}
}

@article{hart1971,
	title = {Informal Income Opportunities and Urban Employment in Ghana},
	author = {Hart, Keith},
	year = {1971},
	date = {1971},
	journal = {unpublished}
}

@techreport{oit2002,
	title = {Report VI: Decent work and informal economy},
	author = {OIT, },
	year = {2002},
	date = {2002},
	address = {Ginebra}
}

@book{theinfo1989,
	title = {The Informal economy: studies in advanced and less developed countries},
	editor = {Portes, Alejandro and Castells, Manuel and Benton, Lauren A.},
	year = {1989},
	date = {1989},
	publisher = {Johns Hopkins University Press},
	address = {Baltimore, Md},
	langid = {en}
}

@article{alonso1990,
	title = {Review of The Informal Economy. Studies in Advanced and Less Developed Countries},
	author = {Alonso, {José A.}},
	editor = {Portes, Alejandro and Castells, Manuel and Benton, Lauren A.},
	year = {1990},
	date = {1990},
	journal = {Estudios Sociológicos},
	pages = {191--197},
	volume = {8},
	number = {22},
	url = {http://www.jstor.org/stable/40420059},
	note = {Publisher: El Colegio De Mexico}
}

@book{desoto1987,
	title = {El otro sendero},
	author = {de Soto, H. and Ghersi, E. and Ghibellini, M.},
	year = {1987},
	date = {1987},
	url = {https://books.google.com.pe/books?id=ZU95PQAACAAJ}
}

@inbook{loayza2020,
	title = {Informalidad y crecimiento económico: Una aproximación conceptual y una aplicación al Perú},
	author = {Loayza, Norman V.},
	year = {2020},
	date = {2020},
	publisher = {Universidad de San Martín de Porres},
	url = {https://repositorio.usmp.edu.pe/handle/20.500.12727/8843},
	note = {Accepted: 2021-10-06T20:03:37Z
Publication Title: Repositorio Académico USMP},
	langid = {spa}
}

@techreport{oecd2004,
	title = {Informal Employment and Promoting the Transition to a Salaried Economy},
	author = {OECD, },
	year = {2004},
	month = {08},
	date = {2004-08-31},
	pages = {225--289},
	doi = {10.1787/empl_outlook-2004-7-en},
	url = {https://www.oecd-ilibrary.org/employment/oecd-employment-outlook-2004/informal-employment-and-promoting-the-transition-to-a-salaried-economy_empl_outlook-2004-7-en},
	note = {DOI: 10.1787/empl{\_}outlook-2004-7-en},
	address = {Paris},
	langid = {en}
}

@article{belapatiño2017,
	title = {Perú | Informalidad laboral y algunas propuestas para reducirla},
	author = {{Belapatiño}, Vanessa and Grippa, Francisco and Perea, Hugo},
	year = {2017},
	date = {2017},
	pages = {21},
	langid = {es}
}

@inbook{céspedesreynaga2020,
	title = {Crecer no es suficiente para reducir la informalidad},
	author = {{Céspedes Reynaga}, Nikita},
	year = {2020},
	date = {2020},
	publisher = {Universidad de San Martín de Porres},
	url = {https://repositorio.usmp.edu.pe/handle/20.500.12727/8844},
	note = {Accepted: 2021-10-06T20:04:48Z
Publication Title: Repositorio Académico USMP},
	langid = {spa}
}

@article{beteta2020,
	title = {¿Cómo encontró la pandemia del Covid-19 a América Latina? / How did you find the Covid-19 pandemic in Latin America?},
	author = {Beteta, Hugo Eduardo},
	year = {2020},
	month = {08},
	date = {2020-08-13},
	journal = {EconomíaUNAM},
	pages = {180--193},
	volume = {17},
	number = {51},
	doi = {10.22201/fe.24488143e.2020.51.556},
	url = {http://revistaeconomia.unam.mx/index.php/ecu/article/view/556},
	note = {Number: 51},
	langid = {es}
}

@article{oit2021,
	title = {Transition from the informal to the formal economy - Theory of Change},
	author = {OIT, },
	year = {2021},
	date = {2021},
	url = {https://www.ilo.org/wcmsp5/groups/public/---ed_protect/---protrav/---travail/documents/briefingnote/wcms_768807.pdf}
}

@article{carneiro1997,
	title = {The Changing Informal Labour Market in Brazil: Cyclicality versus Excessive Intervention},
	author = {Carneiro, Francisco},
	year = {1997},
	date = {1997},
	journal = {LABOUR},
	pages = {3--22},
	volume = {11},
	number = {1},
	doi = {10.1111/1467-9914.00027},
	url = {https://onlinelibrary.wiley.com/doi/abs/10.1111/1467-9914.00027},
	note = {{\_}eprint: https://onlinelibrary.wiley.com/doi/pdf/10.1111/1467-9914.00027},
	langid = {en}
}

@article{elcomercio2021,
	title = {Recuperación de la producción e informalización del empleo, por Miguel Jaramillo | Opinión | ECONOMIA},
	author = {El Comercio, },
	year = {2021},
	month = {09},
	date = {2021-09-19},
	journal = {El Comercio Perú},
	url = {https://elcomercio.pe/economia/peru/recuperacion-de-la-produccion-e-informalizacion-del-empleo-por-miguel-jaramillo-opinion-noticia/},
	note = {Publisher: NOTICIAS EL COMERCIO PERÚ},
	langid = {es}
}

@inbook{durand2007,
	title = {3. Las tres economías},
	author = {Durand, Francisco},
	year = {2007},
	date = {2007},
	publisher = {Fondo Editorial del Congreso del Perú},
	address = {Lima, Perú}
}

@inbook{durand2007a,
	title = {3. Las tres economías},
	author = {Durand, Francisco},
	year = {2007},
	date = {2007},
	publisher = {Fondo Editorial del Congreso del Perú},
	address = {Lima, Perú}
}

@article{cacciamali1983,
	title = {Setor Informal Urbano e Formas de Participaçao},
	author = {Cacciamali, M. C.},
	year = {1983},
	date = {1983},
	volume = {N. 20},
	note = {IPE/USP}
}

@article{acemoglu2001,
	title = {Good jobs versus bad jobs},
	author = {Acemoglu, Danon},
	year = {2001},
	date = {2001},
	journal = {Chicago},
	volume = {vol.19},
	number = {N°1}
}

@article{souza1980,
	title = {Emprego, Salários e Pobreza},
	author = {Souza, P.R.},
	year = {1980},
	date = {1980},
	journal = {Hucitec, Brazil}
}

@article{tokman1978,
	title = {Las Relaciones entre los Sectores Formal e Informal: Una Exploraci´on sobre su Natureza},
	author = {Tokman, {Víctor}},
	year = {1978},
	date = {1978},
	volume = {N. 5}
}

@book{cosamalón2018,
	title = {El apocalipsis a la vuelta de la esquina},
	author = {{Cosamalón}, {Jesús}},
	year = {2018},
	date = {2018},
	publisher = {Fondo Editorial, PUCP},
	langid = {español}
}

@article{beiner1989,
	title = {A Economia Invis{\i}vel {\textemdash} Um Survey},
	author = {Beiner, B.},
	year = {1989},
	date = {1989}
}

@article{cartaya1987,
	title = {El Confuso Mundo del Sector Informal},
	author = {Cartaya, V.},
	year = {1987},
	date = {1987},
	journal = {Jul/Ago},
	volume = {N. 90}
}

@techreport{inei2020,
	title = {PERÚ: Evolución de los Indicadores de Empleo e Ingreso por Departamento, 2007-2019},
	author = {INEI, },
	year = {2020},
	date = {2020}
}

@article{torres2019,
	title = {¿Derecho a la vivienda o la propiedad privada? De la política pública a la informalidad urbana en el Área Metropolitana de Lima (1996-2015)},
	author = {Torres, Diana and Ruiz-Tagle, Javier},
	year = {2019},
	date = {2019},
	journal = {136},
	pages = {5--29}
}

@article{esquivel2011,
	title = {Cofopri ¿organismo diseñado para mejorar el bienestar de las personas?},
	author = {Esquivel, Adolfo},
	year = {2011},
	month = {02},
	date = {2011-02-24},
	url = {http://repositorio.flacsoandes.edu.ec/handle/10469/2842},
	note = {Accepted: 2011-02-24T14:54:35Z
Publisher: México : FLACSO México},
	langid = {spa}
}

@techreport{inei,
	title = {Produccion y Empleo Informal en el Peru 2019},
	author = {INEI, },
	url = {https://www.inei.gob.pe/media/MenuRecursivo/publicaciones_digitales/Est/Lib1764/}
}

@article{mantilla2021,
	title = {¿Y qué será de la vida?: un análisis de las diferentes dimensiones de la vulnerabilidad a la pobreza de los hogares peruanos, 2014-19},
	author = {Mantilla, Eduardo},
	year = {2021},
	date = {2021}
}

@book{chacaltana2016,
	title = {Perú, 2002-2012: crecimiento, cambio estructural y formalización},
	author = {Chacaltana, Juan},
	year = {2016},
	month = {08},
	date = {2016-08-01},
	publisher = {CEPAL},
	url = {https://www.cepal.org/es/publicaciones/40402-peru-2002-2012-crecimiento-cambio-estructural-formalizacion},
	note = {Journal Abbreviation: Perú, 2002-2012: crecimiento, cambio estructural y formalización
Last Modified: 2020-03-06T18:15-03:00},
	langid = {es}
}

@article{rodríguez2010,
	title = {Informalidad, empleo y productividad en el Perú},
	author = {{Rodríguez}, {José} and Higa, Minoru},
	year = {2010},
	date = {2010},
	journal = {Departamento de Economía},
	volume = {Documento de Trabajo 282}
}

@techreport{higa2021,
	title = {The persistent effects of COVID-19 on labor outcomes: evidence from Peru},
	author = {Higa, Minoru and Ospino, Carlos and Aragon, Fernando},
	year = {2021},
	month = {09},
	date = {2021-09},
	url = {https://ideas.repec.org/p/sfu/sfudps/dp21-10.html},
	note = {Publication Title: Discussion Papers},
	langid = {en}
}

@article{barco2010,
	title = {DT 2010 04: El Perfil del Trabajador Informal y el Retorno de la Educación},
	author = {Barco, Daniel and Vargas, Paola},
	year = {2010},
	date = {2010},
	url = {https://www.bcrp.gob.pe/publicaciones/documentos-de-trabajo/dt-2010-04.html}
}

@book{sanchézvillagomez2019,
	title = {La informalidad laboral en el Perú: un mapa nacional basado en ENAHO},
	author = {{Sanchéz Villagomez}, {Marté} and {Chafloque Céspedes}, {María Raquel}},
	year = {2019},
	date = {2019},
	publisher = {Universidad San Martín de Porres},
	url = {https://www.administracion.usmp.edu.pe/investigacion/files/INFORMALIDAD-LABORAL-final-corregido.pdf}
}

@techreport{inei2010,
	title = {Evolución de la Pobreza al 2010},
	author = {INEI, },
	year = {2010},
	date = {2010}
}

@article{pérez-sánchez1995,
	title = {Deuda externa de América Latina. Balance de una década (1980-1990)},
	author = {{Pérez-Sánchez}, Alfredo},
	year = {1995},
	date = {1995},
	journal = {Cuadernos de Estudios Empresariales},
	pages = {243--269},
	issue = {n°5}
}

@inbook{toussaint2004,
	title = {Capítulo 7. La crisis de la deuda del Tercer Mundo durante el período 1980-1990},
	author = {Toussaint, Eric},
	year = {2004},
	date = {2004},
	publisher = {CLACSO, Consejo Latinoamericano de Ciencias Sociales},
	address = {Buenos Aires}
}
